@Book{lat,
  author = 	 {Kopla, H and Daly, P. W.},
  title = 	 {A Guide to \LaTeXe\ : Document Preparation for Beginners and                   Advanced Users},
  publisher = 	 {Addison-Wesley Publishing Company},
  year = 	 {1995},
  OPTkey = 	 {},
  OPTeditor = 	 {},
  OPTvolume = 	 {},
  OPTnumber = 	 {},
  OPTseries = 	 {},
  OPTaddress = 	 {},
  edition =	 {second},
  OPTmonth = 	 {},
  OPTnote = 	 {},
  OPTannote = 	 {}
}

@TechReport{dithe,
  author = 	 {Anonymous},
  title = 	 {Diplomity{\"o}n teko-ohjeet},
  institution =  {Oulun Yliopisto, Elektroniikan ja tietoliikennetekniikan tutkinto-ohjelma},
  year = 	 {2018},
  note ={{www.oulu.fi/sites/default/files/content/Dtyon\_kirjoitusohje\_2018\_FI.pdf} (27.4.2022)},
  OPTkey = 	 {},
  OPTtype = 	 {},
  OPTnumber = 	 {},
  OPTaddress = 	 {},
  OPTmonth = 	 {},
  OPTnote = 	 {},
  OPTannote = 	 {}
}

